% References of the Report

@inproceedings{mcreynolds2017toys,
  title={Toys that listen: A study of parents, children, and internet-connected toys},
  author={McReynolds, Emily and Hubbard, Sarah and Lau, Timothy and Saraf, Aditya and Cakmak, Maya and Roesner, Franziska},
  booktitle={Proceedings of the 2017 CHI Conference on Human Factors in Computing Systems},
  pages={5197--5207},
  year={2017},
  organization={ACM}
}

@book{gamma1995design,
  title={Design patterns: elements of reusable object-oriented software},
  author={Gamma, Erich},
  year={1995},
  publisher={Pearson Education India}
}

@misc{esp32techrefmanual,
    author    = "Espressif-Systems",
    year={2018},
    title     = "ESP32 Technical Reference Manual V3.3",
    url       = "https://www.espressif.com/sites/default/files/documentation/esp32_technical_reference_manual_en.pdf"
}

@misc{ledstripspec,
    author    = "LuxaLight",
    year={2015},
    title     = "LED Strip APA102C Specification",
    url       = "https://www.ledtuning.nl/sites/default/files/downloads/201702/datasheet_apa102_1.pdf"
}

@misc{minispeakerspec,
    author    = "Visaton",
    year={2015},
    title     = "Miniature Speaker K16-8 Ohm Specification",
    url       = "https://www.mouser.ch/datasheet/2/700/k16_8-1285084.pdf"
}

@misc{esp32gettingstartedguide,
    author    = "Espressif-Systems",
    year={2016},
    title     = "ESP32-DevKitC V4 Getting Started Guide",
    url       = "http://esp-idf.readthedocs.io/en/latest/get-started/get-started-devkitc.html"
}

@misc{esp32futureelectronics,
    author    = "Future-Electronics",
    year={2016},
    title     = "ESP32 Development Board (WIFI - Bluetooth)",
    url       = "https://store.fut-electronics.com/products/esp-32"
}

@misc{esp32datasheet,
    author    = "Espressif-Systems",
    year={2018},
    title     = "ESP32 Datasheet V2.2",
    url       = "https://www.espressif.com/sites/default/files/documentation/esp32_datasheet_en.pdf"
}

@misc{esp32devkitcschematic,
    author    = "Espressif-Systems",
    year={2017},
    title     = "ESP32-DevKitC Schematic V4",
    url       = "https://dl.espressif.com/dl/schematics/esp32_devkitc_v4-sch.pdf"
}

@misc{batterydatasheet,
    author    = "Energizer",
    year={2018},
    title     = "NH22-175 Product Datasheet",
    url       = "http://data.energizer.com/pdfs/nh22-175.pdf"
}

@misc{battery2datasheet,
    author    = "Energizer",
    year={2018},
    title     = "EN22 Product Datasheet",
    url       = "https://datasheet.octopart.com/EN22-Energizer-datasheet-10978801.pdf"
}

@misc{act4060adatasheet,
    author    = "Active-Semi",
    year={2009},
    title     = "ACT4060A Wide Input 2A Step Down Converter Datasheet",
    url       = "https://active-semi.com/wp-content/uploads/ACT4060A_Datasheet.pdf"
}

@misc{lm1117datasheet,
    author    = "Texas-Instruments",
    year={2016},
    title     = "LM1117 800-mA Low-Dropout Linear Regulator Datasheet",
    url       = "http://www.ti.com/lit/ds/symlink/lm1117.pdf"
}

@misc{cp2102datasheet,
    author    = "Silicon-Labs",
    year={2017},
    title     = "USBXpress Family CP2102N Datasheet V1.2",
    url       = "https://www.silabs.com/documents/public/data-sheets/cp2102n-datasheet.pdf"
}

@misc{sn74lvc2t45datasheet,
    author    = "Texas-Instruments",
    year={2017},
    title     = "SN74LVC2T45 Dual-Bit Dual-Supply Bus Transceiver With Configurable Voltage Translation",
    url       = "http://www.ti.com/lit/ds/symlink/sn74lvc2t45.pdf"
}

% HW references
@misc{heatbond,
    author    = "Less EMF",
    year={2018},
    title     = "Heat-bond conductive fabric",
    url       = "https://www.lessemf.com/fabric4.html#1220"
}

@misc{bareconductive,
    author    = "Bare Conductive",
    year={2018},
    title     = "Electric Paint",
    url       = "https://www.bareconductive.com/shop/electric-paint-50ml/"
}

@misc{conductivefabric,
    author    = "Adafruit",
    year={2018},
    title     = "Woven conductive fabric",
    url       = "https://www.adafruit.com/product/1168"
}

@misc{conductivefabric,
    author    = "Adafruit",
    year={2018},
    title     = "Conductive thread",
    url       = "https://www.adafruit.com/product/640"
}

@misc{velostat,
    author    = "Velostat",
    year={2018},
    title     = "Pressure-Sensitive Conductive Sheet",
    url       = "https://www.adafruit.com/product/1361"
}

@misc{eontex,
    author    = "Eonyx",
    year      = {2018},
    title     = "Stretchy Variable Resistance Sensor Fabrict",
    url       = "https://www.adafruit.com/product/3669"
}

% SW references

@misc{smartconfigDoc,
     author    = "Espressif-Systems",
     year={2016},
     title     = "ESP-TOUCH User Guide",
     url       = "https://www.espressif.com/sites/default/files/documentation/30b-esp-touch_user_guide_en_v1.1_20160412_0.pdf"
}

% FW references
@misc{esp32-arduino,
     author    = "Espressif",
     year={2018},
     title     = "Arduino libraries for ESP32",
     url       = "https://github.com/espressif/arduino-esp32"
 }
 
@misc{apa102-arduino,
     author    = "Polulu",
     year={2018},
     title     = "Arduino libraries for APA102",
     url       = "https://github.com/pololu/apa102-arduino"
 }


%template 
% @misc{,
%     author    = "",
%     year={2018},
%     title     = "",
%     url       = ""
% }