@incollection{bird2018constantly,
  title={Constantly Connected: Managing Stress in Today's Technological Times},
  author={Bird, Jennifer Lynne},
  booktitle={Handbook of Research on Human Development in the Digital Age},
  pages={385--402},
  year={2018},
  publisher={IGI Global}
}

@article{shlafer2010attachment,
  title={Attachment and caregiving relationships in families affected by parental incarceration},
  author={Shlafer, Rebecca J and Poehlmann, Julie},
  journal={Attachment \& Human Development},
  volume={12},
  number={4},
  pages={395--415},
  year={2010},
  publisher={Taylor \& Francis}
}

@article{tuerk2006contact,
  title={Contact between incarcerated mothers and their children: Assessing parenting stress},
  author={Tuerk, Elena Hontoria and Loper, Ann Booker},
  journal={Journal of Offender Rehabilitation},
  volume={43},
  number={1},
  pages={23--43},
  year={2006},
  publisher={Taylor \& Francis}
}

@article{arditti2003locked,
  title={Locked doors and glass walls: Family visiting at a local jail},
  author={Arditti, Joyce A},
  journal={Journal of Loss \&Trauma},
  volume={8},
  number={2},
  pages={115--138},
  year={2003},
  publisher={Taylor \& Francis}
}

@article{sturges2005survey,
  title={Survey of Pennsylvania jail wardens: An examination of visitation policies within the context of ecosystem theory},
  author={Sturges, Judith E and Hardesty, Katherine N},
  journal={Criminal Justice Review},
  volume={30},
  number={2},
  pages={141--154},
  year={2005},
  publisher={Sage Publications Sage CA: Thousand Oaks, CA}
}

@article{johnston1995parent,
  title={Parent--child visits in jails},
  author={Johnston, Denise},
  journal={Children's Environments},
  volume={12},
  number={1},
  pages={25--38},
  year={1995},
  publisher={JSTOR}
}

@article{casey2004children,
  title={Children visiting mothers in prison: The effects on mothers' behaviour and disciplinary adjustment},
  author={Casey-Acevedo, Karen and Bakken, Tim and Karle, Adria},
  journal={Australian \& New Zealand Journal of Criminology},
  volume={37},
  number={3},
  pages={418--430},
  year={2004},
  publisher={SAGE Publications Sage UK: London, England}
}

@article{loper2009parenting,
  title={Parenting stress, alliance, child contact, and adjustment of imprisoned mothers and fathers},
  author={Loper, Ann Booker and Carlson, L Wrenn and Levitt, Lacey and Scheffel, Kathryn},
  journal={Journal of Offender Rehabilitation},
  volume={48},
  number={6},
  pages={483--503},
  year={2009},
  publisher={Taylor \& Francis}
}

@article{poehlmann2005incarcerated,
  title={Incarcerated mothers' contact with children, perceived family relationships, and depressive symptoms.},
  author={Poehlmann, Julie},
  journal={Journal of Family Psychology},
  volume={19},
  number={3},
  pages={350},
  year={2005},
  publisher={American Psychological Association}
}

@article{houck2002relationship,
  title={The relationship of parenting stress to adjustment among mothers in prison.},
  author={Houck, Katherine DF and Loper, Ann Booker},
  journal={American Journal of Orthopsychiatry},
  volume={72},
  number={4},
  pages={548},
  year={2002},
  publisher={Educational Publishing Foundation}
}

@article{arditti2008maternal,
  title={Maternal distress and women's reentry into family and community life},
  author={Arditti, Joyce and Few, April},
  journal={Family Process},
  volume={47},
  number={3},
  pages={303--321},
  year={2008},
  publisher={Wiley Online Library}
}

@article{roy2005gatekeeping,
  title={Gatekeeping in context: Babymama drama and the involvement of incarcerated fathers},
  author={Roy, Kevin M and Dyson, Omari L},
  journal={Fathering},
  volume={3},
  number={3},
  pages={289},
  year={2005},
  publisher={Men's Studies Press}
}

@article{magaletta2001fathering,
  title={Fathering from prison: Common struggles and successful solutions.},
  author={Magaletta, Philip R and Herbst, Dominic P},
  journal={Psychotherapy: Theory, Research, Practice, Training},
  volume={38},
  number={1},
  pages={88},
  year={2001},
  publisher={Division of Psychotherapy (29), American Psychological Association}
}

@article{clarke2005fathering,
  title={Fathering behind bars in English prisons: Imprisoned fathers' identity and contact with their children},
  author={Clarke, Lynda and O'Brien, Margaret and Godwin, Hugo and Hemmings, Joanne and Day, Randal D and Connolly, Jo and Van Leeson, Terri},
  journal={Fathering},
  volume={3},
  number={3},
  pages={221},
  year={2005},
  publisher={Men's Studies Press}
}

@article{day2005incarcerated,
  title={Incarcerated fathers returning home to children and families: Introduction to the special issue and a primer on doing research with men in prison},
  author={Day, Randal D and Acock, Alan C and Bahr, Stephen J and Arditti, Joyce A},
  journal={Fathering},
  volume={3},
  number={3},
  pages={183},
  year={2005},
  publisher={Men's Studies Press}
}

@article{shlafer2010attachment,
  title={Attachment and caregiving relationships in families affected by parental incarceration},
  author={Shlafer, Rebecca J and Poehlmann, Julie},
  journal={Attachment \& Human Development},
  volume={12},
  number={4},
  pages={395--415},
  year={2010},
  publisher={Taylor \& Francis}
}

@book{enos2001mothering,
  title={Mothering from the inside: Parenting in a women's prison},
  author={Enos, Sandra},
  year={2001},
  publisher={SUNY Press}
}

@article{byrne2010intergenerational,
  title={Intergenerational transmission of attachment for infants raised in a prison nursery},
  author={Byrne, Mary W and Goshin, Lorie S and Joestl, Sarah S},
  journal={Attachment \& human development},
  volume={12},
  number={4},
  pages={375--393},
  year={2010},
  publisher={Taylor \& Francis}
}

@article{murray2008effects,
  title={The effects of parental imprisonment on children},
  author={Murray, Joseph and Farrington, David P},
  journal={Crime and justice},
  volume={37},
  number={1},
  pages={133--206},
  year={2008},
  publisher={The University of Chicago Press}
}

@article{glaze2008parents,
  title={Parents in prison and their minor children. Bureau of Justice Statistics. Office of Justice Programs},
  author={Glaze, LE and Maruschak, LM},
  journal={NCJ},
  volume={222984},
  pages={25},
  year={2008}
}

@article{poehlmann2010children,
  title={Children's contact with their incarcerated parents: Research findings and recommendations.},
  author={Poehlmann, Julie and Dallaire, Danielle and Loper, Ann Booker and Shear, Leslie D},
  journal={American Psychologist},
  volume={65},
  number={6},
  pages={575},
  year={2010},
  publisher={American Psychological Association}
}

@article{yates2010keeping,
  title={Keeping connected: Identity, social connection and education for young people living with chronic illness},
  author={Yates, Lyn and Bond, Lyndal and Dixon, Mary and Drew, Sarah and Ferguson, Peter and Hay, Trevor and Moss, Julianne and St Leger, Pamela and Walker, Hannah and White, Julie},
  year={2010},
  publisher={Melbourne Graduate School of Education, The University of Melbourne},
  journal={Keeping Connected: Young people, identity and schooling},
  volume={18},
  number={3},
}

@article{hopkins2013hospitalised,
  title={Hospitalised adolescents: A framework for assessing educational risk},
  author={Hopkins, Liza and Nisselle, Amy and Zazryn, Tsharni and Green, Julie and others},
  journal={Youth Studies Australia},
  volume={32},
  number={1},
  pages={37},
  year={2013},
  publisher={Australian Clearinghouse for Youth Studies}
}

@article{ryan2001happiness,
  title={On happiness and human potentials: A review of research on hedonic and eudaimonic well-being},
  author={Ryan, Richard M and Deci, Edward L},
  journal={Annual review of psychology},
  volume={52},
  number={1},
  pages={141--166},
  year={2001},
  publisher={Annual Reviews 4139 El Camino Way, PO Box 10139, Palo Alto, CA 94303-0139, USA}
}

@article{stewart1998emotional,
  title={Emotional wellbeing and its relation to health: Physical disease may well result from emotional distress},
  author={Stewart-Brown, Sarah},
  journal={BMJ: British Medical Journal},
  volume={317},
  number={7173},
  pages={1608},
  year={1998},
  publisher={BMJ Publishing Group}
}

@article{thomson2012body,
  title={Body down a wire: living your life in remote-control},
  author={Thomson, Helen},
  journal={New Scientist},
  volume={216},
  number={2890},
  pages={38--41},
  year={2012},
  publisher={Elsevier}
}

@article{bossert1994stress,
  title={Stress appraisals of hospitalized school-age children},
  author={Bossert, Elizabeth},
  journal={Children's Health Care},
  volume={23},
  number={1},
  pages={33--49},
  year={1994},
  publisher={Taylor \& Francis}
}

@article{hopkins2014embedding,
  title={Embedding learning in a paediatric hospital: changing practice and keeping connected},
  author={Hopkins, Liza and Moss, Julianne and Green, Julie and Strong, Glenda},
  journal={International Journal of Inclusive Education},
  volume={18},
  number={3},
  pages={312--321},
  year={2014},
  publisher={Taylor \& Francis}
}

@article{vernon1971psychological,
  title={The psychological responses of children to hospitalization and illness},
  author={Vernon, DT and Foley, JM and Sipowicz, RR and Schulman, JL},
  journal={Kango kenkyu. The Japanese journal of nursing research},
  volume={4},
  number={1},
  pages={45},
  year={1971}
}

@article{wadley2014exploring,
  title={Exploring ambient technology for connecting hospitalised children with school and home},
  author={Wadley, Greg and Vetere, Frank and Hopkins, Liza and Green, Julie and Kulik, Lars},
  journal={International Journal of Human-Computer Studies},
  volume={72},
  number={8-9},
  pages={640--653},
  year={2014},
  publisher={Elsevier}
}

@book{united1998recommendations,
  title={Recommendations on statistics of international migration, Revision 1},
  author={United Nations. Statistical Office UN},
  number={58},
  year={1998},
  publisher={UN}
}

@inproceedings{rossi2008impact,
  title={The impact of migration on children in developing countries},
  author={Rossi, Andrea},
  booktitle={Unpublished manuscript prepared for the Youth Migration Conference},
  pages={24--26},
  year={2008}
}

@report{pilon2003foster,
  title={Foster care and schooling in West Africa: the state of knowledge},
  author={Pilon, Marc},
  institution={IRD - UERD},
  type={Preparation of the UNESCO 2003 EFA monitoring report},
  journal={developed in preparation for the UNESCO},
  year={2003}
}

@book{unicef1989convention,
  title={Convention on the Rights of the Child},
  author={United Nations, UN},
  year={1989}
}

@article{he2012depression,
  title={Depression risk of left-behind children in rural China},
  author={He, Bingyan and Fan, Jingyi and Liu, Ni and Li, Huijuan and Wang, Yanjun and Williams, Joshua and Wong, Kaishing},
  journal={Psychiatry research},
  volume={200},
  number={2},
  pages={306--312},
  year={2012},
  publisher={Elsevier}
}

@phdthesis{lu2011left,
  title={Left-behind children in rural China: Research based on the use of qualitative methods in inner Mongolia},
  author={Lu, Wei},
  year={2011},
  school={University of York}
}

@article{fan2010emotional,
  title={Emotional and behavioral problems of Chinese left-behind children: a preliminary study},
  author={Fan, Fang and Su, Linyan and Gill, Mary Kay and Birmaher, Boris},
  journal={Social psychiatry and psychiatric epidemiology},
  volume={45},
  number={6},
  pages={655--664},
  year={2010},
  publisher={Springer}
}

@article{kosterman2010assessment,
  title={Assessment of behavior problems in childhood and adolescence as predictors of early adult depression},
  author={Kosterman, Rick and Hawkins, J David and Mason, W Alex and Herrenkohl, Todd I and Lengua, Liliana J and McCauley, Elizabeth},
  journal={Journal of psychopathology and behavioral assessment},
  volume={32},
  number={1},
  pages={118--127},
  year={2010},
  publisher={Springer}
}

@article{ren2016consequences,
  title={The consequences of parental labor migration in China for children's emotional well-being},
  author={Ren, Qiang and Treiman, Donald J},
  journal={Social science research},
  volume={58},
  pages={46--67},
  year={2016},
  publisher={Elsevier}
}

@article{botezat2014impact,
  title={The Impact of Parents Migration on the Well-Being of Children Left Behind--Initial Evidence from Romania},
  journal={ZEW - Centre for European Economic Research Discussion Paper},
  volume={29},
  number={14},
  author={Botezat, Alina and Pfeiffer, Friedhelm},
  year={2014}
}

@article{macours2010seasonal,
  title={Seasonal migration and early childhood development},
  author={Macours, Karen and Vakis, Renos},
  journal={World development},
  volume={38},
  number={6},
  pages={857--869},
  year={2010},
  publisher={Elsevier}
}

@article{arguillas2010impact,
  title={The impact of parents' overseas employment on educational outcomes of Filipino children},
  author={Arguillas, Marie Joy B and Williams, Lindy},
  journal={International Migration Review},
  volume={44},
  number={2},
  pages={300--319},
  year={2010},
  publisher={Wiley Online Library}
}

@article{yang2008international,
  title={International migration, remittances and household investment: Evidence from Philippine migrants' exchange rate shocks},
  author={Yang, Dean},
  journal={The Economic Journal},
  volume={118},
  number={528},
  pages={591--630},
  year={2008},
  publisher={Wiley Online Library}
}

@article{gibson2011happens,
  title={What happens to diet and child health when migration splits households? Evidence from a migration lottery program},
  author={Gibson, John and McKenzie, David and Stillman, Steven},
  journal={Food Policy},
  volume={36},
  number={1},
  pages={7--15},
  year={2011},
  publisher={Elsevier}
}

@article{dreby2007children,
  title={Children and power in Mexican transnational families},
  author={Dreby, Joanna},
  journal={Journal of Marriage and Family},
  volume={69},
  number={4},
  pages={1050--1064},
  year={2007},
  publisher={Wiley Online Library}
}

@article{mazzucato2011transnational,
  title={Transnational families and the well-being of children: Conceptual and methodological challenges},
  author={Mazzucato, Valentina and Schans, Djamila},
  journal={Journal of Marriage and Family},
  volume={73},
  number={4},
  pages={704--712},
  year={2011},
  publisher={Wiley Online Library}
}

@article{lahaie2009work,
  title={Work and family divided across borders: The impact of parental migration on Mexican children in transnational families},
  author={Lahaie, Claudia and Hayes, Jeffrey A and Piper, Tinka Markham and Heymann, Jody},
  journal={Community, Work \& Family},
  volume={12},
  number={3},
  pages={299--312},
  year={2009},
  publisher={Taylor \& Francis}
}

@article{hao2006discussion,
  title={Discussion and Policy Implication of Psychological Status of Migrant Children [J]},
  author={Hao, Zhou},
  journal={Population \& Economics},
  volume={6},
  number={1},
  pages={9},
  year={2006}
}

@article{guo2017effect,
  title={Effect of Parental Migration on Children's Health in Rural China},
  author={Guo, Qian and Sun, Wenkai and Wang, Yijie},
  journal={Review of Development Economics},
  volume={21},
  number={4},
  year={2017},
  publisher={Wiley Online Library}
}

@book{acosta2007impact,
  title={The impact of remittances on poverty and human capital: evidence from Latin American household surveys},
  author={Acosta, Pablo and Fajnzylber, Pablo and Lopez, J Humberto},
  volume={1},
  year={2007},
  publisher={World Bank Publications}
}

@article{mundial2006development,
  title={The Development Impact of Workers' Remittances in Latin America},
  author={Mundial, Banco},
  journal={Vol. II, Reporte},
  volume={2},
  number={37026},
  year={2006}
}

@article{anton2010impact,
  title={The impact of remittances on nutritional status of children in Ecuador},
  author={Ant{\'o}n, Jos{\'e}-Ignacio},
  journal={International migration review},
  volume={44},
  number={2},
  pages={269--299},
  year={2010},
  publisher={Wiley Online Library}
}

@article{stillman2012impact,
  title={The impact of immigration on child health: experimental evidence from a migration lottery program},
  author={Stillman, Steven and Gibson, John and McKenzie, David},
  journal={Economic Inquiry},
  volume={50},
  number={1},
  pages={62--81},
  year={2012},
  publisher={Wiley Online Library}
}

@article{hildebrandt2005effects,
  title={The effects of migration on child health in Mexico [with comments]},
  author={Hildebrandt, Nicole and McKenzie, David J and Esquivel, Gerardo and Schargrodsky, Ernesto},
  journal={Economia},
  volume={6},
  number={1},
  pages={257--289},
  year={2005},
  publisher={JSTOR}
}

@article{frank2002other,
  title={The other side of the paradox: The risk of low birth weight among infants of migrant and nonmigrant households within Mexico},
  author={Frank, Reanne and Hummer, Robert A},
  journal={International Migration Review},
  volume={36},
  number={3},
  pages={746--765},
  year={2002},
  publisher={Wiley Online Library}
}

@article{case2002economic,
  title={Economic status and health in childhood: The origins of the gradient},
  author={Case, Anne and Lubotsky, Darren and Paxson, Christina},
  journal={American Economic Review},
  volume={92},
  number={5},
  pages={1308--1334},
  year={2002}
}

@article{nobles2006contribution,
  title={The contribution of migration to children's family contexts},
  author={Nobles, Jenna},
  journal={California Center for Population Research On-Line Working Paper Series},
  pages={35},
  year={2006}
}

@article{amato1999nonresident,
  title={Nonresident fathers and children's well-being: A meta-analysis},
  author={Amato, Paul R and Gilbreth, Joan G},
  journal={Journal of Marriage and the Family},
  volume={61},
  number={3},
  pages={557--573},
  year={1999},
  publisher={JSTOR}
}

@article{kanaiaupuni2000reframing,
  title={Reframing the migration question: An analysis of men, women, and gender in Mexico},
  author={Kanaiaupuni, Shawn Malia},
  journal={Social forces},
  volume={78},
  number={4},
  pages={1311--1347},
  year={2000},
  publisher={The University of North Carolina Press}
}

@unpublished{fernandez1998fathers,
  title={Do fathers influence their children's health by migrating? Evidence from rural Mexico},
  author={Fernandez, Leticia},
  journal={Sociology dissertation, University of Pennsylvania, Philadelphia},
  note = {Unpublished manuscript},
  year={1998}
}

@article{behrman1996impact,
  title={The impact of health and nutrition on education},
  author={Behrman, Jere R},
  journal={The World Bank Research Observer},
  volume={11},
  number={1},
  pages={23--37},
  year={1996},
  publisher={Oxford University Press}
}

@article{song2009health,
  title={Health Status of Children Left Behind in Rural China and Factors Affecting their use of Health Services (translated from Chinese)},
  author={Song, Yueping and Yaoguang Zhang},
  pages={57--66},
  year={2009},
  journal={Population Research}
}

@article{cortes2015feminization,
  title={The feminization of international migration and its effects on the children left behind: Evidence from the Philippines},
  author={Cortes, Patricia},
  journal={World Development},
  volume={65},
  pages={62--78},
  year={2015},
  publisher={Elsevier}
}

@article{jampaklay2006parental,
  title={Parental absence and children's school enrolment: Evidence from a longitudinal study in Kanchanaburi, Thailand},
  author={Jampaklay, Aree},
  journal={Asian Population Studies},
  volume={2},
  number={1},
  pages={93--110},
  year={2006},
  publisher={Taylor \& Francis}
}

@article{thomas1994like,
  title={Like father, like son; like mother, like daughter: Parental resources and child height},
  author={Thomas, Duncan},
  journal={Journal of human resources},
  volume={29},
  number={4},
  pages={950--988},
  year={1994},
  publisher={JSTOR}
}

@article{bai2017effect,
  title={Effect of parental migration on the academic performance of left behind children in North Western China},
  author={Bai, Yu and Zhang, Linxiu and Liu, Chengfang and Shi, Yaojiang and Mo, Di and Rozelle, Scott},
  journal={The Journal of Development Studies},
  volume={54},
  number={7},
  pages={1--17},
  year={2017},
  publisher={Taylor \& Francis}
}

@article{luo2012nutrition,
  title={Nutrition and educational performance in rural China's elementary schools: Results of a randomized control trial in Shaanxi Province},
  author={Luo, Renfu and Shi, Yaojiang and Zhang, Linxiu and Liu, Chengfang and Rozelle, Scott and Sharbono, Brian and Yue, Ai and Zhao, Qiran and Martorell, Reynaldo},
  journal={Economic development and cultural change},
  volume={60},
  number={4},
  pages={735--772},
  year={2012},
  publisher={University of Chicago Press Chicago, IL}
}

@article{sawyer2016money,
  title={Is Money Enough?: The Effect of Migrant Remittances on Parental Aspirations and Youth Educational Attainment in Rural Mexico},
  author={Sawyer, Adam},
  journal={International Migration Review},
  volume={50},
  number={1},
  pages={231--266},
  year={2016},
  publisher={Wiley Online Library}
}

@article{bacigalupe2011virtualizing,
  title={Virtualizing intimacy: Information communication technologies and transnational families in therapy},
  author={Bacigalupe, Gonzalo and Lambe, Susan},
  journal={Family process},
  volume={50},
  number={1},
  pages={12--26},
  year={2011},
  publisher={Wiley Online Library}
}

@article{licoppe2004connected,
  title={'Connected' presence: The emergence of a new repertoire for managing social relationships in a changing communication technoscape},
  author={Licoppe, Christian},
  journal={Environment and planning D: Society and space},
  volume={22},
  number={1},
  pages={135--156},
  year={2004},
  publisher={SAGE Publications Sage UK: London, England}
}

@article{finch1989family,
  title={Family obligations and social change},
  author={Finch, Janet},
  journal={Bioethics Research Library of the Kennedy Institute of Ethics},
  volume={19},
  number={1},
  year={1989}
}

@article{baldassar2007transnational,
  title={Transnational families and aged care: the mobility of care and the migrancy of ageing},
  author={Baldassar, Loretta},
  journal={Journal of ethnic and migration studies},
  volume={33},
  number={2},
  pages={275--297},
  year={2007},
  publisher={Taylor \& Francis}
}

@article{zhang2015mass,
  title={Mass human migration and Beijing's urban heat island during the Chinese New Year holiday},
  author={Zhang, Jingyong and Wu, Lingyun and Yuan, Fang and Dou, Jingjing and Miao, Shiguang},
  journal={Science bulletin},
  volume={60},
  number={11},
  pages={1038--1041},
  year={2015},
  publisher={Springer}
}

@article{shen1995rural,
  title={Rural development and rural to urban migration in China 1978--1990},
  author={Shen, Jianfa},
  journal={Geoforum},
  volume={26},
  number={4},
  pages={395--409},
  year={1995},
  publisher={Elsevier}
}

@article{li2011estimating,
  title={Estimating the effect of the one-child policy on the sex ratio imbalance in China: identification based on the difference-in-differences},
  author={Li, Hongbin and Yi, Junjian and Zhang, Junsen},
  journal={Demography},
  volume={48},
  number={4},
  pages={1535--1557},
  year={2011},
  publisher={Springer}
}

@online{forbes2018springfestival,
  author = {Niall McCarthy Forbes},
  title = {Chinese New Year: The World's Largest Human Migration Is About To Begin},
  year = 2018,
  url = {https://web.archive.org/web/20180216103142/https://www.forbes.com/sites/niallmccarthy/2018/02/14/chinese-new-year-the-worlds-largest-human-migration-is-about-to-begin-infographic/},
  urldate = {2018-02-16}
}